@article{article,
    author = "Author and Author and Author",
    title = "Title",
    journal = "Journal",
    volume = "0",
    number = "0",
    pages = "0",
    year = "n.d.",
    doi = "0",
}
@online{website,
    author = "Author",
    title = "{Title}",
    url = "URL",
    year = "n.d.",
}